[gd_scene load_steps=3 format=2]

[ext_resource path="res://Assets/Theme.tres" type="Theme" id=1]
[ext_resource path="res://Menus/SettingsMenu.gd" type="Script" id=2]

[node name="SettingsMenu" type="CanvasLayer"]
pause_mode = 2
layer = 2
script = ExtResource( 2 )

[node name="Settings" type="Control" parent="."]
visible = false
anchor_right = 1.0
anchor_bottom = 1.0
theme = ExtResource( 1 )
__meta__ = {
"_edit_use_anchors_": false
}

[node name="ColorRect" type="ColorRect" parent="Settings"]
anchor_right = 1.0
anchor_bottom = 1.0
color = Color( 0.137255, 0.121569, 0, 1 )

[node name="MusicSlider" type="HSlider" parent="Settings"]
anchor_left = 0.326
anchor_top = 0.160334
anchor_right = 0.674
anchor_bottom = 0.332334
margin_left = 0.175995
margin_top = 0.299995
margin_right = -0.176025
margin_bottom = 0.0999908
focus_mode = 0
max_value = 1.0
step = 0.01
value = 1.0
__meta__ = {
"_editor_description_": ""
}

[node name="Label" type="Label" parent="Settings/MusicSlider"]
anchor_top = 0.5
anchor_bottom = 0.5
margin_left = -184.0
margin_top = -17.5
margin_right = 153.0
margin_bottom = 49.5
rect_scale = Vector2( 0.5, 0.5 )
text = "Music Volume"
__meta__ = {
"_edit_use_anchors_": false,
"_editor_description_": ""
}

[node name="SFXSlider" type="HSlider" parent="Settings"]
anchor_left = 0.326
anchor_top = 0.268
anchor_right = 0.674
anchor_bottom = 0.439
margin_left = 0.175995
margin_top = -0.299606
margin_right = -0.176025
margin_bottom = 0.100403
focus_mode = 0
max_value = 1.0
step = 0.01
value = 1.0
__meta__ = {
"_editor_description_": ""
}

[node name="Label" type="Label" parent="Settings/SFXSlider"]
anchor_top = 0.5
anchor_bottom = 0.5
margin_left = -184.0
margin_top = -17.5
margin_right = 153.0
margin_bottom = 49.5
rect_scale = Vector2( 0.5, 0.5 )
text = "SFX Volume"
__meta__ = {
"_edit_use_anchors_": false,
"_editor_description_": ""
}

[node name="ExitSettings" type="Button" parent="Settings"]
anchor_left = 0.435059
anchor_top = 0.83
anchor_right = 0.597059
anchor_bottom = 0.958
margin_right = 0.112
margin_bottom = 0.199997
focus_mode = 0
enabled_focus_mode = 0
text = "Exit"
__meta__ = {
"_edit_use_anchors_": true
}

[node name="Controls" type="Button" parent="Settings"]
anchor_left = 0.770996
anchor_top = 0.83
anchor_right = 0.974988
anchor_bottom = 0.958
margin_right = 0.112
margin_bottom = 0.199997
focus_mode = 0
enabled_focus_mode = 0
text = "Controls"
__meta__ = {
"_edit_use_anchors_": true
}

[node name="ResolutionButton" type="OptionButton" parent="Settings"]
anchor_left = 0.325895
anchor_top = 0.436833
anchor_right = 0.674106
anchor_bottom = 0.564833
margin_left = 0.283997
margin_top = -0.100006
margin_right = -0.284058
margin_bottom = 0.100006
focus_mode = 0
enabled_focus_mode = 0
__meta__ = {
"_edit_use_anchors_": true
}

[node name="Label" type="Label" parent="Settings/ResolutionButton"]
anchor_top = 0.5
anchor_bottom = 0.5
margin_left = -184.0
margin_top = -17.5
margin_right = 68.0
margin_bottom = 49.5
rect_scale = Vector2( 0.5, 0.5 )
text = "Resolution"
__meta__ = {
"_edit_use_anchors_": false
}

[node name="Controls" type="Control" parent="."]
visible = false
anchor_right = 1.0
anchor_bottom = 1.0
__meta__ = {
"_edit_use_anchors_": false
}

[node name="ColorRect" type="ColorRect" parent="Controls"]
anchor_right = 1.0
anchor_bottom = 1.0
theme = ExtResource( 1 )
color = Color( 0.137255, 0.121569, 0, 1 )
__meta__ = {
"_edit_use_anchors_": false
}

[node name="ExitControls" type="Button" parent="Controls"]
anchor_left = 0.435
anchor_top = 0.845333
anchor_right = 0.565
anchor_bottom = 0.973333
margin_left = 0.059967
margin_top = -0.200012
margin_right = -0.0599976
focus_mode = 0
theme = ExtResource( 1 )
enabled_focus_mode = 0
text = "Exit"
__meta__ = {
"_edit_use_anchors_": true
}

[node name="Label" type="Label" parent="Controls"]
anchor_right = 1.0
margin_bottom = 67.0
theme = ExtResource( 1 )
text = "Controls"
align = 1
__meta__ = {
"_edit_use_anchors_": false
}

[node name="ScrollContainer" type="ScrollContainer" parent="Controls"]
anchor_top = 0.111667
anchor_right = 1.0
anchor_bottom = 0.83
theme = ExtResource( 1 )
__meta__ = {
"_edit_use_anchors_": true
}

[node name="VBoxContainer" type="VBoxContainer" parent="Controls/ScrollContainer"]
margin_right = 1024.0
rect_min_size = Vector2( 1024, 0 )
size_flags_horizontal = 3
theme = ExtResource( 1 )

[connection signal="value_changed" from="Settings/MusicSlider" to="." method="_on_MusicSlider_value_changed"]
[connection signal="value_changed" from="Settings/SFXSlider" to="." method="_on_SFXSlider_value_changed"]
[connection signal="pressed" from="Settings/ExitSettings" to="." method="_on_ExitSettings_pressed"]
[connection signal="pressed" from="Settings/Controls" to="." method="_on_Controls_pressed"]
[connection signal="item_selected" from="Settings/ResolutionButton" to="." method="_on_ResolutionButton_item_selected"]
[connection signal="pressed" from="Controls/ExitControls" to="." method="_on_ExitControls_pressed"]
