[gd_resource type="Theme" load_steps=11 format=2]

[ext_resource path="res://Assets/RobotoSlab-Light.ttf" type="DynamicFontData" id=1]

[sub_resource type="StyleBoxFlat" id=1]
bg_color = Color( 0.49, 0.49, 0.49, 1 )
border_width_left = 5
border_width_top = 5
border_width_right = 5
border_width_bottom = 5
border_color = Color( 0.780392, 0.780392, 0, 1 )
corner_radius_top_left = 20
corner_radius_top_right = 20
corner_radius_bottom_right = 20
corner_radius_bottom_left = 20

[sub_resource type="StyleBoxFlat" id=2]
bg_color = Color( 0.27451, 0.27451, 0.27451, 1 )
border_width_left = 5
border_width_top = 5
border_width_right = 5
border_width_bottom = 5
border_color = Color( 0.780392, 0.780392, 0, 1 )
corner_radius_top_left = 20
corner_radius_top_right = 20
corner_radius_bottom_right = 20
corner_radius_bottom_left = 20

[sub_resource type="StyleBoxFlat" id=3]
bg_color = Color( 0.2, 0.2, 0.2, 1 )
border_width_left = 5
border_width_top = 5
border_width_right = 5
border_width_bottom = 5
border_color = Color( 0.78, 0.78, 0, 1 )
corner_radius_top_left = 20
corner_radius_top_right = 20
corner_radius_bottom_right = 20
corner_radius_bottom_left = 20

[sub_resource type="StyleBoxFlat" id=4]
content_margin_bottom = 0.0
bg_color = Color( 0.27451, 0.27451, 0.27451, 1 )
border_width_left = 5
border_width_top = 5
border_width_right = 5
border_width_bottom = 5
border_color = Color( 0.78, 0.78, 0, 1 )
corner_radius_top_left = 20
corner_radius_top_right = 20
corner_radius_bottom_right = 20
corner_radius_bottom_left = 20

[sub_resource type="StyleBoxEmpty" id=5]

[sub_resource type="StyleBoxEmpty" id=6]

[sub_resource type="StyleBoxFlat" id=7]
bg_color = Color( 0.2, 0.2, 0.2, 1 )
border_width_left = 5
border_width_top = 5
border_width_right = 5
border_width_bottom = 5
border_color = Color( 0.78, 0.78, 0, 1 )
corner_radius_top_left = 20
corner_radius_top_right = 20
corner_radius_bottom_right = 20
corner_radius_bottom_left = 20
expand_margin_top = 7.0
expand_margin_bottom = 7.0

[sub_resource type="DynamicFont" id=8]
size = 15
font_data = ExtResource( 1 )

[sub_resource type="DynamicFont" id=9]
size = 50
font_data = ExtResource( 1 )

[resource]
default_font = SubResource( 9 )
Button/colors/font_color = Color( 0.88, 0.88, 0.88, 1 )
Button/colors/font_color_disabled = Color( 0.9, 0.9, 0.9, 0.2 )
Button/colors/font_color_hover = Color( 0.94, 0.94, 0.94, 1 )
Button/colors/font_color_pressed = Color( 1, 1, 1, 1 )
Button/constants/hseparation = 2
Button/fonts/font = null
Button/styles/disabled = SubResource( 1 )
Button/styles/focus = SubResource( 2 )
Button/styles/hover = SubResource( 2 )
Button/styles/normal = SubResource( 3 )
Button/styles/pressed = SubResource( 4 )
Fonts/fonts/large = null
Fonts/fonts/normal = null
HSlider/icons/grabber = null
HSlider/icons/grabber_disabled = null
HSlider/icons/grabber_highlight = null
HSlider/icons/tick = null
HSlider/styles/grabber_area = SubResource( 5 )
HSlider/styles/grabber_area_highlight = SubResource( 6 )
HSlider/styles/slider = SubResource( 7 )
PopupMenu/colors/font_color = Color( 0.88, 0.88, 0.88, 1 )
PopupMenu/colors/font_color_accel = Color( 0.7, 0.7, 0.7, 0.8 )
PopupMenu/colors/font_color_disabled = Color( 0.4, 0.4, 0.4, 0.8 )
PopupMenu/colors/font_color_hover = Color( 0.88, 0.88, 0.88, 1 )
PopupMenu/colors/font_color_separator = Color( 0.88, 0.88, 0.88, 1 )
PopupMenu/constants/hseparation = 4
PopupMenu/constants/vseparation = 4
PopupMenu/fonts/font = SubResource( 8 )
PopupMenu/icons/checked = null
PopupMenu/icons/radio_checked = null
PopupMenu/icons/radio_unchecked = null
PopupMenu/icons/submenu = null
PopupMenu/icons/unchecked = null
PopupMenu/styles/hover = null
PopupMenu/styles/labeled_separator_left = null
PopupMenu/styles/labeled_separator_right = null
PopupMenu/styles/panel = null
PopupMenu/styles/panel_disabled = null
PopupMenu/styles/separator = null
